@misc{chenEquivariantScorebasedGenerative2024,
  title = {Equivariant Score-Based Generative Models Provably Learn Distributions with Symmetries Efficiently},
  author = {Chen, Ziyu and Katsoulakis, Markos A. and Zhang, Benjamin J.},
  year = {2024},
  month = oct,
  number = {arXiv:2410.01244},
  eprint = {2410.01244},
  primaryclass = {cs, stat},
  publisher = {arXiv},
  doi = {10.48550/arXiv.2410.01244},
  url = {http://arxiv.org/abs/2410.01244},
  archiveprefix = {arXiv}
}

@misc{jingGenerativeModelingMolecular2024,
  title = {Generative {{Modeling}} of {{Molecular Dynamics Trajectories}}},
  author = {Jing, Bowen and St{\"a}rk, Hannes and Jaakkola, Tommi and Berger, Bonnie},
  year = {2024},
  month = sep,
  number = {arXiv:2409.17808},
  eprint = {2409.17808},
  primaryclass = {cs, q-bio},
  publisher = {arXiv},
  doi = {10.48550/arXiv.2409.17808},
  url = {http://arxiv.org/abs/2409.17808},
  archiveprefix = {arXiv}
}

@inproceedings{luDiffusionModelsGroup2024,
  title = {Diffusion {{Models}} with {{Group Equivariance}}},
  booktitle = {{{ICML}} 2024 {{Workshop}} on {{Structured Probabilistic Inference}} \{{\textbackslash}\&\} {{Generative Modeling}}},
  author = {Lu, Haoye and Szabados, Spencer and Yu, Yaoliang},
  year = {2024},
  month = jul,
  url = {https://openreview.net/forum?id=65XylEuDLB},
  langid = {english}
}

@inproceedings{winterUnsupervisedLearningGroup2022a,
  title = {Unsupervised {{Learning}} of {{Group Invariant}} and {{Equivariant Representations}}},
  booktitle = {Advances in {{Neural Information Processing Systems}}},
  author = {Winter, Robin and Bertolini, Marco and Le, Tuan and Noe, Frank and Clevert, Djork-Arn{\'e}},
  year = {2022},
  month = may,
  url = {https://openreview.net/forum?id=47lpv23LDPr},
  langid = {english}
}

@inproceedings{xuGeometricLatentDiffusion2023,
  title = {Geometric {{Latent Diffusion Models}} for {{3D Molecule Generation}}},
  booktitle = {Proceedings of the 40th {{International Conference}} on {{Machine Learning}}},
  author = {Xu, Minkai and Powers, Alexander S. and Dror, Ron O. and Ermon, Stefano and Leskovec, Jure},
  year = {2023},
  month = jul,
  pages = {38592--38610},
  publisher = {PMLR},
  issn = {2640-3498},
  url = {https://proceedings.mlr.press/v202/xu23n.html},
  langid = {english}
}
